@phdthesis{Abrahao:2006,
	author={Abrahão, Fernando Teixeira Mendes},
	title={{A meta-heurística colônia de formigas para solução do problema de programação de manutenção preventiva de uma frota de veículos com múltiplas restrições: aplicação na Força Aérea Brasileira}},
	year=2006,
	school = {{Escola Politécnica da Universidade de São Paulo}},
	type = {{Tese de Doutorado}},
	address = {São Paulo, Brazil},	
	pages={139},
}

@book{Saaty:1996,
	author={Saaty, Thomas L.},
	title={Decision Making with Dependence and Feedback: The Analytic Network Process.},
	address={Pittsburgh, Pennsylvania},
	publisher={RWS Publications.},
	isbn={0-9620317-9-8},
	year=1996,
}

@book{Saaty:2005,
	author={Saaty, Thomas L.},
	title={{Theory and Applications of the Analytic Network Process: Decision Making with Benefits, Opportunities, Costs and Risks.}},
	address={{Pittsburgh, Pennsylvania}},
	publisher={RWS Publications.},
	isbn={1-888603-06-2},
	year=2005,
}

@inbook{MarquesAbrahaoGuilherme:2020,
	author = {Marques, Henrique Costa and Fernando Teixeira Mendes Abrahão and Guilherme Conceição Rocha.},
	chapter = {Mapping Challenges Through the ILS Approach.},
	year=2020,
	title={{Mapping Challenges Through the ILS Approach.}},
	pages={0--0},
}

@book{Mitchell:1997,
	author = {Mitchell, Tom }, 
	title      = {Machine Learning.},
	booktitle = {Machine Learning.},
	publisher = {McGraw Hill},
	address = {New York},
	year=1997,
	isbn={0-07-042807-7. OCLC 36417892},
}

@article{DuncanMarquesGuilhermeMartinetti:2005,
	author={Imbassahy, Dennys Wallace Duncan and Henrique Costa Marques and Guilherme Conceição Rocha and Alberto Martinetti.},
	title={{Empowering Predictive Maintenance: A Hybrid Method to Diagnose Abnormal Situations.}},
	doi={10.4018/978-1-7998-3904-0.ch012 1-27},
	year=2020,
	journal={{Applied Sciences}},
}

@phdthesis{Eduardo:2022a,
	author={Pereira Barreto, Eduardo Afonso.},
	title={{Modelling the aircraft maintenance routing problem for fractional fleets with the inclusion of prognostics and health monitoring information.}},
	year=2022,
	school = {{Instituto Tecnológico de Aeronáutica (Aeronautical Institute of Technology)}},
	type = {{Tese de Doutorado}},
	address = {São José dos Campos, Brazil},	
	pages={139},
}

@article{Eduardo:2022b,
	author={Pereira Barreto, Eduardo Afonso and Fernando Teixeira Mendes Abrahão and Wlamir Olivares Loesch Vianna.},
	title={{Aircraft Routing Problem Model for Fractional Fleets Using Fault Prognostics. }},
	doi={10.14429/dsj.71.13902},
	year=2021,
	journal={{Journal of Quality in Maintenance Engineering.}},
	pages={517--36},
}

@article{CardosoAbrahãoSaba:2021,
	author={Cardoso, F. A. and Fernando Teixeira Mendes Abrahão and W. B. Saba.},
	title={{Resources Package Modelling Supporting Border Surveillance Operations.}},
	doi={10.14429/dsj.71.13902},
	year=2021,
	journal={{Defence Science Journal.}},
}

@phdthesis{CelioMesquita:2023,
	author={Mesquita, Antonio Celio Pereira de},
	title={{Air cargo load and route planning in pickup and delivery operations.}},
	year=2023,
	school = {{Instituto Tecnológico de Aeronáutica (Aeronautical Institute of Technology)}},
	type = {{Tese de Doutorado}},
	address = {São José dos Campos, Brazil},	
	pages={139},
}





